@inproceedings{songhori2015tinygarble,
  title={TinyGarble: Highly Compressed and Scalable Sequential Garbled Circuits},
  author={Songhori, Ebrahim M and Hussain, Siam U and Sadeghi, Ahmad-Reza and Schneider, Thomas and Koushanfar, Farinaz},
  booktitle={IEEE S\&P},
  publisher={IEEE},
  pages={411--428},
  year={2015}
}

@misc{wang2015secure,
  author={X. S. Wang and S. D. Gordon and A. McIntosh and J. Katz},
  title={Secure Computation of {MIPS} Machine Code},
  year={2015},
  journal={ePrint},
  url={http://eprint.iacr.org/2015/547},
}

@inproceedings{mood2016frigate,
  title={Frigate: A validated, extensible, and efficient compiler and interpreter for secure computation},
  author={Mood, Benjamin and Gupta, Debayan and Carter, Henry and Butler, Kevin and Traynor, Patrick},
  booktitle={IEEE Euro S\&P},
  pages={112--127},
  year={2016},
  organization={IEEE}
}

@inproceedings{songhori2016garbledcpu,
  title={{GarbledCPU}: A {MIPS} Processor for Secure Computation in Hardware},
  author={Songhori, Ebrahim M and Zeitouni, Shaza and Dessouky, Ghada and Schneider, Thomas and Sadeghi, Ahmad-Reza and Koushanfar, Farinaz},
  booktitle={DAC},
  year={2016},
  organization={IEEE}
}

@inproceedings{holzer2012secure,
  title={Secure two-party computations in {ANSI C}},
  author={Holzer, Andreas and Franz, Martin and Katzenbeisser, Stefan and Veith, Helmut},
  booktitle={ACM CCS},
  pages={772--783},
  year={2012},
  organization={ACM}
}

@inproceedings{huang2011faster,
  title={Faster Secure Two-Party Computation Using Garbled Circuits.},
  author={Huang, Yan and Evans, David and Katz, Jonathan and Malka, Lior},
  booktitle={USENIX Security},
  volume={201},
  number={1},
  year={2011}
}

@book{sloss2004arm,
  title={ARM system developer's guide: designing and optimizing system software},
  author={Sloss, Andrew and Symes, Dominic and Wright, Chris},
  year={2004},
  publisher={Morgan Kaufmann}
}

@inproceedings{zahur2016revisit,
  title={Revisiting Square Root ORAM: Efficient Random Access in Multi-Party Computation.},
  author={Zahur, Samee and Wang, Xiao and Raykova, Mariana and Gasc{\'o}n, Adri{\`a} and Doerner, Jack and Evans, David and Katz, Jonathan},
  booktitle={IEEE S\&P},
  publisher={IEEE},
  year={2016}
}

@inproceedings{liu2015oblivm,
  title={Oblivm: A programming framework for secure computation},
  author={Liu, Chang and Wang, Xiao Shaun and Nayak, Kartik and Huang, Yan and Shi, Elaine},
  booktitle={IEEE S\&P},
  pages={359--376},
  year={2015},
  organization={IEEE}
}

@misc{tool:DesignCompiler,
  title={Synopsys Inc},
  author={Compiler, Design},
  year={2000},
  howpublished = {\url{http://www.synopsys.com/Tools/Implementation/RTLSynthesis/DesignCompiler}}
}

@article{santifort2010amber,
  title={Amber ARM-compatible core},
  author={Santifort, Conor},
  journal={OpenCores.org},
  year={2010}
}

@inproceedings{malkhi2004fairplay,
  title={Fairplay-Secure Two-Party Computation System.},
  author={Malkhi, Dahlia and Nisan, Noam and Pinkas, Benny and Sella, Yaron},
  booktitle={USENIX Security},
  pages={287--302},
  year={2004},
  publisher={USENIX},
}

@inproceedings{kreuter2012billion,
  title={Billion-Gate Secure Computation with Malicious Adversaries.},
  author={Kreuter, Benjamin and Shelat, Abhi and Shen, Chih-Hao},
  booktitle={USENIX Security},
  pages={285--300},
  year={2012},
  publisher={USENIX}
}

@inproceedings{kreuter2013pcf,
  title={{PCF}: A Portable Circuit Format for Scalable Two-Party Secure Computation.},
  author={Kreuter, Benjamin and Shelat, Abhi and Mood, Benjamin and Butler, Kevin RB},
  booktitle={USENIX Security},
  pages={321--336},
  year={2013},
  publisher={USENIX}
}

@inproceedings{franz2014cbmc,
  title={{CBMC-GC}: An {ANSI-C} Compiler for Secure Two-Party Computations},
  author={Franz, Martin and Holzer, Andreas and Katzenbeisser, Stefan and Schallhart, Christian and Veith, Helmut},
  booktitle={Compiler Construction},
  pages={244--249},
  year={2014},
  organization={Springer}
}

@inproceedings{rastogi2014wysteria,
	title={{WYSTERIA}: A programming language for generic, mixed-mode multiparty computations},
  author={Rastogi, Aseem and Hammer, Matthew A and Hicks, Michael},
	booktitle = {IEEE S\&P},
  year = {2014},
  pages = {655--670},
	publisher = {IEEE}
}

@inproceedings{HKSSW10,
	title = {{TASTY}: Tool for Automating Secure {Two-partY} computations},
	author = {Wilko Henecka and Stefan K{\"o}gl and Ahmad-Reza Sadeghi and Thomas Schneider and Immo Wehrenberg},
	booktitle = {ACM CCS},
  year = {2010},
  pages = {451--462},
	publisher = {ACM}
}

@inproceedings{HS13,
	title = {Faster Secure Two-Party Computation with Less Memory},
  author = {Wilko Henecka and Thomas Schneider},
	booktitle = {ASIACCS},
	year = {2013},
	publisher = {ACM},
	pages = {437--446}
}

@inproceedings{malka2011vmcrypt,
	title={{Vmcrypt}: modular software architecture for scalable secure computation},
  author={Malka, Lior},
	booktitle={ACM CCS},
	pages={715--724},
	year={2011},
	publisher={ACM}
}

@inproceedings{DSZ15,
  title={{ABY}-A Framework for Efficient Mixed-Protocol Secure Two-Party Computation.},
  author={Demmler, Daniel and Schneider, Thomas and Zohner, Michael},
  booktitle={NDSS},
  year={2015},
  publisher = {The Internet Society},
}

@inproceedings{bellare2013efficient,
	title={Efficient garbling from a fixed-key blockcipher},
  author={Bellare, Mihir and Hoang, Viet Tung and Keelveedhi, Sriram and Rogaway, Phillip},
	booktitle={IEEE S\&P},
	pages={478--492},
	year={2013},
	publisher={IEEE}
}

@article{lindell2012secure,
  title={Secure two-party computation via cut-and-choose oblivious transfer},
  author={Lindell, Yehuda and Pinkas, Benny},
  journal={Journal of Cryptology},
  year={2012},
  publisher={Springer}
}

@inproceedings{NaorP05,
  title={Computationally secure oblivious transfer},
  author={Naor, M. and Pinkas, B.},
  booktitle={Journal of Cryptology},
  year={2005},
  publisher={Springer}
}

@incollection{lindell2007efficient,
  title={An efficient protocol for secure two-party computation in the presence of malicious adversaries},
  author={Lindell, Yehuda and Pinkas, Benny},
  booktitle={EUROCRYPT},
  year={2007},
  publisher={Springer}
}

@inproceedings{Yao86,
  title={How to generate and exchange secrets},
  author={Yao, A.},
  booktitle={IEEE FOCS},
  year={1986},
  publisher={IEEE}
}

@incollection{kolesnikov2008improved,
	title={Improved garbled circuit: Free {XOR} gates and applications},
  author={Kolesnikov, Vladimir and Schneider, Thomas},
	booktitle={ICALP},
	pages={486--498},
	year={2008},
	publisher={Springer}
}

@inproceedings{naor1999privacy,
  title={Privacy preserving auctions and mechanism design},
  author={Naor, M. and Pinkas, B. and Sumner, R.},
  booktitle={ACM CEC},
  year={1999},
  organization={ACM}
}

@incollection{zahur2015two,
  title={Two Halves Make a Whole},
  author={Zahur, S. and Rosulek, M. and Evans, D.},
  booktitle={EUROCRYPT},
  year={2015},
  publisher={Springer}
}

@article{volder1959cordic,
  title={The {CORDIC} trigonometric computing technique},
  author={Volder, Jack E},
  journal={IRE Transactions on Electronic Computers},
  number={3},
  pages={330--334},
  year={1959},
  publisher={IEEE}
}

@inproceedings{hussain2016privacy,
  title={Privacy preserving localization for smart automotive systems},
  author={Hussain, Siam U and Koushanfar, Farinaz},
  booktitle={DAC},
  pages={26},
  year={2016},
  organization={ACM}
}